{
  "leader": "03004cam a22003611i 4500",
  "fields": [
    {
      "001": "ocm00529994\\"
    },
    {
      "003": "OCoLC"
    },
    {
      "005": "20221206161811.0"
    },
    {
      "008": "831213s1961\\\\\\\\nyua\\\\\\\\\\b\\\\\\\\001\\0\\eng\\\\"
    },
    {
      "010": {
        "ind1": "\\",
        "ind2": "\\",
        "subfields": [
          {
            "a": "   61009772 "
          }
        ]
      }
    },
    {
      "040": {
        "ind1": "\\",
        "ind2": "\\",
        "subfields": [
          {
            "a": "DLC/ICU"
          },
          {
            "b": "eng"
          },
          {
            "e": "rda"
          },
          {
            "c": "CGU"
          },
          {
            "d": "DLC"
          },
          {
            "d": "UKM"
          },
          {
            "d": "NLGGC"
          },
          {
            "d": "CCV"
          },
          {
            "d": "SINLB"
          },
          {
            "d": "FER"
          },
          {
            "d": "OCLCF"
          },
          {
            "d": "OCLCQ"
          },
          {
            "d": "OCLCO"
          },
          {
            "d": "OCLCQ"
          },
          {
            "d": "MDAVP"
          },
          {
            "d": "OCLCQ"
          },
          {
            "d": "PHUST"
          },
          {
            "d": "OCLCQ"
          },
          {
            "d": "CPO"
          },
          {
            "d": "OCLCQ"
          },
          {
            "d": "RAO"
          },
          {
            "d": "OCLCQ"
          },
          {
            "d": "UKMGB"
          },
          {
            "d": "OCLCQ"
          },
          {
            "d": "CSO"
          },
          {
            "d": "OCLCQ"
          },
          {
            "d": "PHA"
          },
          {
            "d": "YBM"
          },
          {
            "d": "OCLCO"
          }
        ]
      }
    },
    {
      "016": {
        "ind1": "7",
        "ind2": "\\",
        "subfields": [
          {
            "a": "011575822"
          },
          {
            "2": "Uk"
          }
        ]
      }
    },
    {
      "019": {
        "ind1": "\\",
        "ind2": "\\",
        "subfields": [
          {
            "a": "14264920"
          },
          {
            "a": "1110630226"
          }
        ]
      }
    },
    {
      "035": {
        "ind1": "\\",
        "ind2": "\\",
        "subfields": [
          {
            "a": "(OCoLC)529994"
          },
          {
            "z": "(OCoLC)14264920"
          },
          {
            "z": "(OCoLC)1110630226"
          }
        ]
      }
    },
    {
      "050": {
        "ind1": "\\",
        "ind2": "4",
        "subfields": [
          {
            "a": "QB500"
          },
          {
            "b": ".S35 1961"
          }
        ]
      }
    },
    {
      "082": {
        "ind1": "0",
        "ind2": "0",
        "subfields": [
          {
            "a": "523"
          },
          {
            "b": "SCI"
          }
        ]
      }
    },
    {
      "245": {
        "ind1": "0",
        "ind2": "0",
        "subfields": [
          {
            "a": "Science in space /"
          },
          {
            "c": "edited by Lloyd V. Berkner [and] Hugh Odishaw."
          }
        ]
      }
    },
    {
      "264": {
        "ind1": "\\",
        "ind2": "1",
        "subfields": [
          {
            "a": "New York, NY :"
          },
          {
            "b": "McGraw-Hill,"
          },
          {
            "c": "1961."
          }
        ]
      }
    },
    {
      "300": {
        "ind1": "\\",
        "ind2": "\\",
        "subfields": [
          {
            "a": "458 pages :"
          },
          {
            "b": "illustrations ;"
          },
          {
            "c": "24 cm"
          }
        ]
      }
    },
    {
      "336": {
        "ind1": "\\",
        "ind2": "\\",
        "subfields": [
          {
            "a": "text"
          },
          {
            "b": "txt"
          },
          {
            "2": "rdacontent"
          }
        ]
      }
    },
    {
      "337": {
        "ind1": "\\",
        "ind2": "\\",
        "subfields": [
          {
            "a": "unmediated"
          },
          {
            "b": "n"
          },
          {
            "2": "rdamedia"
          }
        ]
      }
    },
    {
      "338": {
        "ind1": "\\",
        "ind2": "\\",
        "subfields": [
          {
            "a": "volume"
          },
          {
            "b": "nc"
          },
          {
            "2": "rdacarrier"
          }
        ]
      }
    },
    {
      "504": {
        "ind1": "\\",
        "ind2": "\\",
        "subfields": [
          {
            "a": "Includes bibliographical references and index."
          }
        ]
      }
    },
    {
      "505": {
        "ind1": "0",
        "ind2": "\\",
        "subfields": [
          {
            "a": "pt. I.A general review. Dimensions and problems / L.V. Berkner and Hugh Odishaw ; Results of experiments in space / Bruno Rossi and Robert Jastrow -- pt. II. Gravity. The nature of gravitation / R.H. Dickie -- pt. III. Earth. Knowledge of the earth from space / Harrison Brown ; Some aspects of geodesy / George P. Woollard ; Meteorology / Harry Wexler ; Rocket research and the upper atmosphere / W.W. Kellogg ; Satellites and the upper atmosphere / A.H. Shapley and O.G. Villard, Jr. -- pt. IV. The moon and the planets. The moon / H.C. Urey ; The planets / H.C. Urey -- pt. V. Fields and particles in space. Physics of fields and energetic particles in space / J.A. Simpson ; The interplanetary gas magnetic fields / E.N. Parker ; The acceleration and propagation of particles within the solar system / J.A. Simpson ; Solar Modulation of cosmic radiation and other energetic particles reaching the earth / J.A. Simpson ; The geomagnetically trapped corpuscular radiation / James A. Van Allen ; On particles and fields pertinent to Auroral theory / Joseph W. Chamberlain -- pt. VI. The stars. The sun / Leo Goldberg and E.R. Dyer Jr. ; Galactic and extragalactic astronomy / Leo Goldberg and E.R. Dyer Jr. -- pt. VII. The life sciences. The biological sciences and space research / Joshua Lederberg and H. Keffer Hartline ; Exobiology : experimental approaches to life beyond the earth / Joshua Lederberg -- pt. VIII. Appendix. A note on the space science board."
          }
        ]
      }
    },
    {
      "650": {
        "ind1": "\\",
        "ind2": "0",
        "subfields": [
          {
            "a": "Space sciences."
          }
        ]
      }
    },
    {
      "650": {
        "ind1": "\\",
        "ind2": "7",
        "subfields": [
          {
            "a": "Space sciences."
          },
          {
            "2": "fast"
          },
          {
            "0": "(OCoLC)fst01127807"
          }
        ]
      }
    },
    {
      "700": {
        "ind1": "1",
        "ind2": "\\",
        "subfields": [
          {
            "a": "Berkner, Lloyd V."
          },
          {
            "q": "(Lloyd Viel),"
          },
          {
            "d": "1905-1967,"
          },
          {
            "e": "editor."
          }
        ]
      }
    },
    {
      "700": {
        "ind1": "1",
        "ind2": "\\",
        "subfields": [
          {
            "a": "Odishaw, Hugh,"
          },
          {
            "e": "editor."
          }
        ]
      }
    },
    {
      "776": {
        "ind1": "0",
        "ind2": "8",
        "subfields": [
          {
            "i": "Online version:"
          },
          {
            "a": "Berkner, Lloyd V. (Lloyd Viel), 1905-"
          },
          {
            "t": "Science in space."
          },
          {
            "d": "New York, McGraw-Hill, 1961"
          },
          {
            "w": "(OCoLC)593195698"
          }
        ]
      }
    },
    {
      "776": {
        "ind1": "0",
        "ind2": "8",
        "subfields": [
          {
            "i": "Online version:"
          },
          {
            "a": "Berkner, Lloyd V. (Lloyd Viel), 1905-"
          },
          {
            "t": "Science in space."
          },
          {
            "d": "New York, McGraw-Hill, 1961"
          },
          {
            "w": "(OCoLC)607724885"
          }
        ]
      }
    },
    {
      "994": {
        "ind1": "\\",
        "ind2": "\\",
        "subfields": [
          {
            "a": "Z0"
          },
          {
            "b": "NYRVC"
          }
        ]
      }
    },
    {
      "948": {
        "ind1": "\\",
        "ind2": "\\",
        "subfields": [
          {
            "h": "NO HOLDINGS IN NYRVC - 456 OTHER HOLDINGS"
          }
        ]
      }
    },
    {
      "999": {
        "ind1": "\\",
        "ind2": "\\",
        "subfields": [
          {
            "a": "00000000011801"
          }
        ]
      }
    }
  ]
}